<record><leader>00000cas a22000007a 4500</leader><controlfield tag="001">19989778</controlfield><controlfield tag="008">890711d19011907gauwr ne      0    0eng d</controlfield><datafield ind1=" " ind2=" " tag="010"><subfield code="a">sn 89053675 </subfield></datafield><datafield ind1=" " ind2=" " tag="040"><subfield code="a">NLG</subfield><subfield code="b">eng</subfield><subfield code="c">NLG</subfield><subfield code="d">GUA</subfield><subfield code="d">OCLCQ</subfield><subfield code="d">OCLCF</subfield><subfield code="d">OCLCO</subfield></datafield><datafield ind1="1" ind2=" " tag="029"><subfield code="a">AU@</subfield><subfield code="b">000026354028</subfield></datafield><datafield ind1=" " ind2=" " tag="042"><subfield code="a">msc</subfield></datafield><datafield ind1=" " ind2=" " tag="043"><subfield code="a">n-us-ga</subfield></datafield><datafield ind1="0" ind2="0" tag="245"><subfield code="a">Conyers weekly-banner.</subfield></datafield><datafield ind1="1" ind2=" " tag="246"><subfield code="i">Published with title:</subfield><subfield code="a">Conyers semi-weekly banner</subfield><subfield code="f">Apr. 21-Sept. 1, 1905</subfield></datafield><datafield ind1=" " ind2=" " tag="260"><subfield code="a">Conyers, GA. :</subfield><subfield code="b">J.H. Wallis,</subfield><subfield code="c">[1901-1907]</subfield></datafield><datafield ind1=" " ind2=" " tag="300"><subfield code="a">v.</subfield></datafield><datafield ind1=" " ind2=" " tag="310"><subfield code="a">Weekly,</subfield><subfield code="b">Sept. 8, 1905-Dec. 6, 1907</subfield></datafield><datafield ind1=" " ind2=" " tag="321"><subfield code="a">Weekly,</subfield><subfield code="b">Aug. 21, 1901-Apr. 14, 1905</subfield></datafield><datafield ind1=" " ind2=" " tag="321"><subfield code="a">Semiweekly,</subfield><subfield code="b">Apr. 21, 1905-Sept. 1, 1905</subfield></datafield><datafield ind1="0" ind2=" " tag="362"><subfield code="a">Vol. 1, no. 32 (Aug. 2, 1901)-v. 26, no. 46 (Dec. 6, 1907).</subfield></datafield><datafield ind1=" " ind2=" " tag="530"><subfield code="a">Also on microfilm: Athens, Ga. : University of Georgia Libraries.</subfield></datafield><datafield ind1=" " ind2=" " tag="580"><subfield code="a">Formed by the union of: Conyers weekly (Conyers, Ga. : 1895), and: Weekly banner (Conyers, Ga.).</subfield></datafield><datafield ind1=" " ind2="0" tag="651"><subfield code="a">Conyers (Ga.)</subfield><subfield code="v">Newspapers.</subfield></datafield><datafield ind1=" " ind2="0" tag="651"><subfield code="a">Rockdale County (Ga.)</subfield><subfield code="v">Newspapers.</subfield></datafield><datafield ind1=" " ind2="7" tag="655"><subfield code="a">Newspapers.</subfield><subfield code="2">fast</subfield><subfield code="0">(OCoLC)fst01423814</subfield></datafield><datafield ind1=" " ind2="7" tag="651"><subfield code="a">Georgia</subfield><subfield code="z">Conyers.</subfield><subfield code="2">fast</subfield><subfield code="0">(OCoLC)fst01216882</subfield></datafield><datafield ind1=" " ind2="7" tag="651"><subfield code="a">Georgia</subfield><subfield code="z">Rockdale County.</subfield><subfield code="2">fast</subfield><subfield code="0">(OCoLC)fst01216867</subfield></datafield><datafield ind1=" " ind2=" " tag="752"><subfield code="a">United States</subfield><subfield code="b">Georgia</subfield><subfield code="c">Rockdale</subfield><subfield code="d">Conyers.</subfield></datafield><datafield ind1="1" ind2="4" tag="780"><subfield code="t">Conyers weekly (Conyers, Ga. : 1895)</subfield><subfield code="w">(DLC)sn 89053674</subfield><subfield code="w">(OCoLC)19989741</subfield></datafield><datafield ind1="1" ind2="4" tag="780"><subfield code="t">Weekly banner (Conyers, Ga.)</subfield><subfield code="w">(DLC)sn 89053668</subfield><subfield code="w">(OCoLC)19989652</subfield></datafield></record>